@article{
ASU18,
author = "A. Kontorovich and S. Sabato and R. Urner",
title = "Active Nearest-Neighbor Learning in Metric Spaces",
journal = "Journal of Machine Learning Research",
volume = 18,
pages = "1--38",
year = 2018
}

@inproceedings{
BC03,
author = "M. Badoiu and K. Clarkson",
title = "Smaller core-sets for balls",
booktitle = "Proceedings of the ACM-SIAM Symposium on Discrete Algorithms",
year = 2003
}

@inproceedings{
BDFM19,
author = "A. Balsubramani and S. Dasgupta and Y. Freund and S. Moran",
title = "An adaptive nearest neighbor rule for classification",
booktitle = "Advances in Neural Information Processing Systems",
year = 2019
}


@article{
CN08,
author = "R. Castro and R. Nowak",
title = "Minimax bounds for active learning",
journal = "IEEE Transactions on Information Theory", 
volume = 54,
number = 5,
pages = "2339--2353", 
year = 2008
}


@inproceedings{
DH08,
author = "S. Dasgupta and D.J. Hsu",
title = "Hierarchical sampling for active learning",
booktitle = "Proceedings of the 25th International Conference on Machine Learning",
year = "2008"
}


@inproceedings{
DNZ15,
author = "G. Dasarathy and R. Nowak and X. Zhu",
title = "{$S^2$}: An efficient graph based active learning algorithm with application to nonparametric classification",
booktitle = "Proceedings of The 28th Conference on Learning Theory",
pages = "503--522",
year = 2015
}

@article{
F59,
author = "H. Federer",
title = "Curvature measures",
journal = "Transactions of the American Mathematical Society",
volume = 93,
pages = "418--491",
year = 1959
}

@article{
H17,
author = "S. Hanneke",
title = "Nonparametric Active Learning, Part 1: Smooth Regression Functions",
journal = "Manuscript",
year = 2017
}

@inproceedings{
KUB15,
author = "S. Kpotufe and R. Urner and S. Ben-David",
title = "Hierarchical label queries with data-dependent partitions",
booktitle = "Proceedings of the 28th Annual Conference on Learning Theory",
year = 2015
}

@article{
M12,
author = "S. Minsker",
title = "Plug-in approach to active learning",
journal = "Journal of Machine Learning Research",
volume = 13,
pages = "67--90",
year = 2012
}

@article{
NSW06,
author = {P. Niyogi and S. Smale and S. Weinberger},
title = {Finding the homology of submanifolds with high confidence from random samples},
journal = {Discrete and Computational Geometry}, 
year = 2006
}

@book{
R11,
author = "D. Rumsfeld",
title = "Known and Unknown: A Memoir",
publisher = "Sentinel",
year = 2011
}

@inproceedings{ghosh2002sampling,
  title={Sampling methods related to {B}ernoulli and {P}oisson sampling},
  author={D. Ghosh and A. Vogt},
  booktitle={Proceedings of the Joint Statistical Meetings},
  pages={3569--3570},
  year={2002},
  organization={American Statistical Association, Alexandria, VA}
}

@article{
CH67,
author = "T. Cover and P.E. Hart",
title = "Nearest neighbor pattern classification",
journal = "IEEE Transactions on Information Theory", 
volume = 13,
pages = "21--27",
year = 1967
}

@article{
S80,
author = "C.J. Stone",
title = "Optimal rates of convergence for nonparametric estimators",
journal = "Annals of Statistics",
volume = 8,
number = 6,
pages = "1348--1360",
year = 1980
}
